<record><leader>00000cas a22000007a 4500</leader><controlfield tag="001">2269388</controlfield><controlfield tag="008">760620d18391uuupauwr ne      0    0eng d</controlfield><controlfield tag="009">54</controlfield><datafield ind1=" " ind2=" " tag="010"><subfield code="a">sn 85054909 </subfield></datafield><datafield ind1=" " ind2=" " tag="040"><subfield code="a">PIT</subfield><subfield code="b">eng</subfield><subfield code="c">PIT</subfield><subfield code="d">NPH</subfield><subfield code="d">NPA</subfield><subfield code="d">NPH</subfield></datafield><datafield ind1="1" ind2=" " tag="029"><subfield code="a">AU@</subfield><subfield code="b">000025802241</subfield></datafield><datafield ind1=" " ind2=" " tag="042"><subfield code="a">msc</subfield></datafield><datafield ind1="0" ind2="0" tag="245"><subfield code="a">Weekly advocate and emporium.</subfield></datafield><datafield ind1=" " ind2=" " tag="260"><subfield code="a">Pittsburgh [Pa. :</subfield><subfield code="b">s.n.],</subfield><subfield code="c">1839-</subfield></datafield><datafield ind1=" " ind2=" " tag="300"><subfield code="a">v. ;</subfield><subfield code="c">59 cm.</subfield></datafield><datafield ind1=" " ind2=" " tag="310"><subfield code="a">Weekly</subfield></datafield><datafield ind1="0" ind2=" " tag="362"><subfield code="a">Vol. 8, no. 9 (Nov. 29, 1839)-</subfield></datafield><datafield ind1=" " ind2=" " tag="500"><subfield code="a">Publisher: J.N. Patterson, &lt;Jan. 26, 1844&gt;.</subfield></datafield><datafield ind1=" " ind2=" " tag="500"><subfield code="a">Editors: Robert M. Riddle and George Parkin.</subfield></datafield><datafield ind1=" " ind2=" " tag="580"><subfield code="a">Daily ed.: Daily advocate and advertiser.</subfield></datafield><datafield ind1=" " ind2=" " tag="752"><subfield code="a">United States</subfield><subfield code="b">Pennsylvania</subfield><subfield code="c">Allegheny</subfield><subfield code="d">Pittsburgh.</subfield></datafield><datafield ind1="1" ind2=" " tag="775"><subfield code="t">Daily advocate and advertiser</subfield><subfield code="w">(DLC)sn 85038384</subfield></datafield><datafield ind1="0" ind2="4" tag="780"><subfield code="t">Western emporium (Allegheny, Pa.)</subfield><subfield code="w">(DLC)sn 84038546</subfield></datafield><datafield ind1="0" ind2="4" tag="780"><subfield code="t">Weekly advocate and statesman</subfield><subfield code="w">(DLC)sn 87078196</subfield></datafield></record>